@article{ohri2021machine,
  title={Machine translation of mathematical text},
  author={Ohri, Aditya and Schmah, Tanya},
  journal={IEEE Access},
  volume={9},
  pages={38078--38086},
  year={2021},
  publisher={IEEE}
}

@software{gtexfix,
  author = {drgulevich},
  title = {Fix for Google Translate to process LaTeX documents},
  url = {https://github.com/drgulevich/gtexfix},
  version = {},
  date = {2020-08},
}

@software{pylatexenc,
  author = {phfaist},
  title = {Simple LaTeX parser providing latex-to-unicode and unicode-to-latex conversion},
  url = {https://github.com/phfaist/pylatexenc},
  version = {},
  date = {2023-05},
}